<?xml version="1.0" encoding="UTF-8"?><collection xmlns="http://www.loc.gov/MARC21/slim"><record><leader>00408nam--2200145-i-4500</leader><controlfield tag="001">000005445</controlfield><controlfield tag="002">20161230</controlfield><controlfield tag="005">20170219235729</controlfield><controlfield tag="008">060222s1000------------r-----000-0-eng-d</controlfield><datafield ind1=" " ind2=" " tag="100"><subfield code="a">Cottini, C</subfield></datafield><datafield ind1=" " ind2=" " tag="245"><subfield code="a">Influence of disorder on the lifetime of positrons in anthracene</subfield></datafield><datafield ind1=" " ind2=" " tag="260"><subfield code="a">Milano</subfield><subfield code="b">Insstituto Di Fisica Del Politecnico</subfield><subfield code="c">1960</subfield></datafield><datafield ind1=" " ind2=" " tag="300"><subfield code="a">4 p</subfield></datafield><datafield ind1=" " ind2=" " tag="852"><subfield code="a">539.124.6</subfield></datafield><datafield ind1=" " ind2=" " tag="CAT"><subfield code="a">SYS</subfield><subfield code="c">20170219</subfield><subfield code="h">235729</subfield></datafield></record></collection>